<record><leader>00000cas a22000007a 4500</leader><controlfield tag="001">31536790</controlfield><controlfield tag="008">941130d19231972nmuen ne      0    0eng d</controlfield><datafield ind1=" " ind2=" " tag="010"><subfield code="a">sn 94056915 </subfield></datafield><datafield ind1=" " ind2=" " tag="040"><subfield code="a">NVM</subfield><subfield code="b">eng</subfield><subfield code="c">NVM</subfield><subfield code="d">OCLCQ</subfield><subfield code="d">OCLCF</subfield><subfield code="d">OCLCO</subfield></datafield><datafield ind1="1" ind2=" " tag="029"><subfield code="a">AU@</subfield><subfield code="b">000011432139</subfield></datafield><datafield ind1=" " ind2=" " tag="042"><subfield code="a">msc</subfield></datafield><datafield ind1=" " ind2=" " tag="043"><subfield code="a">n-us-nm</subfield></datafield><datafield ind1="0" ind2=" " tag="130"><subfield code="a">Mustang (Silver City, N.M. : 1923)</subfield></datafield><datafield ind1="1" ind2="4" tag="245"><subfield code="a">The mustang.</subfield></datafield><datafield ind1=" " ind2=" " tag="260"><subfield code="a">[Silver City, N.M.] :</subfield><subfield code="b">Students of New Mexico State Teachers' College</subfield></datafield><datafield ind1=" " ind2=" " tag="300"><subfield code="a">v.</subfield></datafield><datafield ind1=" " ind2=" " tag="310"><subfield code="a">Biweekly,</subfield><subfield code="b">Oct. 9, 1964-1972</subfield></datafield><datafield ind1=" " ind2=" " tag="321"><subfield code="a">Frequency varies,</subfield><subfield code="b">&lt;1923&lt;-Sept. 9, 1964</subfield></datafield><datafield ind1="1" ind2=" " tag="362"><subfield code="a">Began in 1923; ceased in 1972.</subfield></datafield><datafield ind1=" " ind2=" " tag="588"><subfield code="a">Description based on: Vol. 28, no. 3 (Dec. 13, 1923).</subfield></datafield><datafield ind1=" " ind2="0" tag="651"><subfield code="a">Silver City (N.M.)</subfield><subfield code="v">Newspapers.</subfield></datafield><datafield ind1=" " ind2="0" tag="651"><subfield code="a">Grant County (N.M.)</subfield><subfield code="v">Newspapers.</subfield></datafield><datafield ind1=" " ind2="7" tag="655"><subfield code="a">Newspapers.</subfield><subfield code="2">fast</subfield><subfield code="0">(OCoLC)fst01423814</subfield></datafield><datafield ind1=" " ind2="7" tag="651"><subfield code="a">New Mexico</subfield><subfield code="z">Grant County.</subfield><subfield code="2">fast</subfield><subfield code="0">(OCoLC)fst01216849</subfield></datafield><datafield ind1=" " ind2="7" tag="651"><subfield code="a">New Mexico</subfield><subfield code="z">Silver City.</subfield><subfield code="2">fast</subfield><subfield code="0">(OCoLC)fst01220466</subfield></datafield><datafield ind1="2" ind2=" " tag="710"><subfield code="a">Western New Mexico University.</subfield></datafield><datafield ind1=" " ind2=" " tag="752"><subfield code="a">United States</subfield><subfield code="b">New Mexico</subfield><subfield code="c">Grant</subfield><subfield code="d">Silver City.</subfield></datafield><datafield ind1="0" ind2="0" tag="785"><subfield code="t">WMNU mustang</subfield><subfield code="w">(DLC)sn 93061621</subfield></datafield></record>